@misc{stochbbapi,
 title = {{StochBB -- Stochastic Building Blocks: Application Programming Interface}},
 author = {H. Matuschek},
 year = {2015},
 note = {http://stochbb.github.io/libstochbb}
}

@article{Reichle2003,
 title = {{The E-Z reader model of eye-movement control in reading: comparisons to other models.}},
 author = {Reichle, E. D. and Rayner, K. and Pollatsek, A.},
 doi = {10.1017/S0140525X03000104},
 isbn = {0140-525X},
 issn = {0140-525X},
 journal = {The Behavioral and brain sciences},
 pages = {445--526},
 pmid = {15067951},
 volume = {26},
 year = {2003}
}

@article{Reingold2012,
 title = {{Direct lexical control of eye movements in reading: Evidence from a survival analysis of fixation durations}},
 author = {Reingold, E. M. and Reichle, E. D. and Glaholt, M. G. and Sheridan, H.},
 journal = {Cognitive psychology},
 number = {1},
 pages = {177--206},
 volume = {64},
 year = {2012}
}

@article{Gelooven1999,
 title = {{Storage capacity of a dam with gamma type inputs}},
 author = {Mathai, A. M.},
 doi = {10.1007/BF02481056},
 issn = {00203157},
 journal = {Annals of the Institute of Statistical Mathematics},
 number = {1},
 pages = {591--597},
 volume = {34},
 year = {1982}
}

@book{Press2007,
 title = {{Numerical recipes}},
 author = {Press, W. H. and Flannery, B. P. and Teukolsky, S. A.},
 isbn = {9780521880688}, 
 publisher = {Cambridge Univ Press},
 volume = {547},
 year = {2007}
}

@article{Thomas2012,
 title = {{intrinsic Noise Analyzer: A Software Package for the Exploration of Stochastic Biochemical Kinetics Using the System Size Expansion}},
 author = {Thomas, P. and Matuschek, H. and Grima, R.},
 doi = {10.1371/journal.pone.0038518},
 issn = {1932-6203},
 journal = {PLoS ONE}, 
 number = {6},
 pages = {e38518},
 volume = {7},
 year = {2012}
}

@article{Thomas2013,
 title = {{How reliable is the linear noise approximation of gene regulatory networks?}},
 author = {Thomas, P. and Matuschek, H. and Grima, R.},
 doi = {10.1186/1471-2164-14-S4-S5},
 issn = {1471-2164},
 journal = {BMC Genomics}, 
 number = {Suppl 4:S5},
 pages = {1--15},
 publisher = {BioMed Central Ltd},
 volume = {14},
 year = {2013}
}

@book{Aho2007,
 author = {Aho, A. V. and Sethi, R. and Ullman, J. D.}, 
 mendeley-groups = {Books},
 publisher = {Addison wesley},
 title = {{Compilers, Principles, Techniques}},
 year = {2007}
}


